@article{behaviortrees,
  author    = {Michele Colledanchise and
               Petter {\"{O}}gren},
  title     = {Behavior Trees in Robotics and {AI:} An Introduction},
  journal   = {CoRR},
  volume    = {abs/1709.00084},
  year      = {2017},
  url       = {http://arxiv.org/abs/1709.00084},
  archivePrefix = {arXiv},
  eprint    = {1709.00084},
  timestamp = {Mon, 13 Aug 2018 16:47:59 +0200},
  biburl    = {https://dblp.org/rec/bib/journals/corr/abs-1709-00084},
  bibsource = {dblp computer science bibliography, https://dblp.org}
}
@article{pound,
author = {Tardioli, Danilo and Parasuraman, Ramviyas and Ogren, Petter},
year = {2018},
month = {10},
pages = {},
title = {Pound: A multi-master ROS node for reducing delay and jitter in wireless multi-robot networks},
volume = {111},
journal = {Robotics and Autonomous Systems},
doi = {10.1016/j.robot.2018.10.009}
}
@inproceedings{baumberg_reliable_2000,
	title = {Reliable feature matching across widely separated views},
	volume = {1},
	doi = {10.1109/CVPR.2000.855899},
	booktitle = {Proceedings {IEEE} {Conference} on {Computer} {Vision} and {Pattern} {Recognition}. {CVPR} 2000 ({Cat}. {No}.{PR}00662)},
	author = {Baumberg, A.},
	month = jun,
	year = {2000},
}
@article{chen_object-based_2018,
	title = {Object-{Based} {Features} for {House} {Detection} from {RGB} {High}-{Resolution} {Images}},
	volume = {10},
	issn = {2072-4292},
	journal = {Remote Sensing},
	author = {Chen, Renxi and Li, Xinhui and Li, Jonathan},
	month = mar,
	year = {2018},
	pages = {451}
}
@article{chu_canopy_2018,
	title = {Characterizing canopy height with {UAS} structure-from-motion photogrammetry—results analysis of a maize field trial with respect to multiple factors},
	volume = {9},
	issn = {2150-704X, 2150-7058},
	doi = {10.1080/2150704X.2018.1475771},
	number = {8},
	journal = {Remote Sensing Letters},
	author = {Chu, Tianxing and Starek, Michael J. and Brewer, Michael J. and Murray, Seth C. and Pruter, Luke S.},
	month = aug,
	year = {2018},
	pages = {753--762},
}
@inproceedings{collins_space-sweep_1996,
	title = {A space-sweep approach to true multi-image matching},
	doi = {10.1109/CVPR.1996.517097},
	booktitle = {Proceedings {CVPR} {IEEE} {Computer} {Society} {Conference} on {Computer} {Vision} and {Pattern} {Recognition}},
	author = {Collins, R. T.},
	month = jun,
	year = {1996},
	pages = {358--363},
	}
@article{doncaster_spaceworks_2016,
	title = {{SpaceWorks}' 2016 {Nano}/{Microsatellite} {Market} {Forcast}},
	url = {https://digitalcommons.usu.edu/smallsat/2016/TS2Launch/1},
	journal = {AIAA/USU Conference on Small Satellites},
	author = {Doncaster, Bill and Shulman, Jordan and Bradford, John and Olds, John},
	month = aug,
	year = {2016},
}
@article{durrant-whyte_simultaneous_2006,
	title = {Simultaneous localization and mapping: part {I}},
	volume = {13},
	issn = {1070-9932},
	shorttitle = {Simultaneous localization and mapping},
	url = {http://ieeexplore.ieee.org/document/1638022/},
	doi = {10.1109/MRA.2006.1638022},
	language = {en},
	number = {2},
	urldate = {2018-10-18},
	journal = {IEEE Robotics \& Automation Magazine},
	author = {Durrant-Whyte, H. and Bailey, T.},
	month = jun,
	year = {2006},
	pages = {99--110},
	file = {Durrant-Whyte and Bailey - 2006 - Simultaneous localization and mapping part I.pdf:C\:\\Users\\dcotten\\Zotero\\storage\\T7GJ3FJN\\Durrant-Whyte and Bailey - 2006 - Simultaneous localization and mapping part I.pdf:application/pdf}
}
@article{Fischler1981,
	journal = {Graphics and Image Processing},
	pages = {381--395},
	volume = {24},
	publisher = {Communications of the ACM},
	number = {6},
	year = {1981},
	title = {Random	Sample Consensus: A Paradigm for Model Fitting with	Applications to Image Analysis and Automated Cartography},
	author = {Fischer, M and Bolles R},
}
@article{Kuuste2014,
	issn = {1736-6046},
	journal = {Proceedings of the Estonian Academy of Sciences/\#/Proceedings of the Estonian Academy of Sciences},
	pages = {250--257},
	volume = {63},
	publisher = {Estonian Academy of Sciences},
	number = {2},
	year = {2014},
	title = {Imaging system for nanosatellite proximity operations},
	author = {Kuuste, Henri and Eenmaee, Tonis and Allik, Viljo and Agu, Ants and Vendt, Riho}
}
@inproceedings{lowe1999,
  title={Object recognition from local scale-invariant features},
  author={Lowe, David G},
  booktitle={Computer vision, 1999. The proceedings of the seventh IEEE international conference on},
  volume={2},
  pages={1150--1157},
  year={1999},
  organization={Ieee}
}
@article{otero2014,
  title={Anatomy of the SIFT Method},
  author={Otero, Ives Rey and Delbracio, Mauricio},
  journal={Image Processing On Line},
  volume={4},
  pages={370--396},
  year={2014}
}
@article{liu2011,
  title={Sift flow: Dense correspondence across scenes and its applications},
  author={Liu, Ce and Yuen, Jenny and Torralba, Antonio},
  journal={IEEE transactions on pattern analysis and machine intelligence},
  volume={33},
  number={5},
  pages={978--994},
  year={2011},
  publisher={IEEE}
}
@article{paul2016,
	title={Remote Sensing Optical Image Registration Using Modified Uniform Robust SIFT},
	author={Paul, S and Pati, UC},
	journal={IEEE Geoscience and Remote Sensing},
	volume={13},
	pages={1300-1304},
	year={2016}
}
@article{alismail2016,
  title={Bit-planes: Dense subpixel alignment of binary descriptors},
  author={Alismail, Hatem and Browning, Brett and Lucey, Simon},
  journal={arXiv preprint arXiv:1602.00307},
  year={2016}
}
@article{lowe2004,
  title={Distinctive image features from scale-invariant keypoints},
  author={Lowe, David G},
  journal={International journal of computer vision},
  volume={60},
  number={2},
  pages={91--110},
  year={2004},
  publisher={Springer}
}
@article{jiao2008,
  title={An integrated feature based method for sub-pixel image matching},
  author={Jiao, Weili and Fang, Yaling and He, Guojin},
  journal={The International Archives of the Photogrammetry},
  year={2008},
  publisher={Citeseer}
}
@article{tomasi2012,
  title={Histograms of oriented gradients},
  author={Tomasi, Carlo},
  journal={Computer Vision Sampler},
  pages={1--6},
  year={2012}
}
@inproceedings{triggs_bundle_2000,
	series = {Lecture {Notes} in {Computer} {Science}},
	title = {Bundle {Adjustment} — {A} {Modern} {Synthesis}},
	isbn = {978-3-540-44480-0},
	abstract = {This paper is a survey of the theory and methods of photogrammetric bundle adjustment, aimed at potential implementors in the computer vision community. Bundle adjustment is the problem of refining a visual reconstruction to produce jointly optimal structure and viewing parameter estimates. Topics covered include: the choice of cost function and robustness; numerical optimization including sparse Newton methods, linearly convergent approximations, updating and recursive methods; gauge (datum) invariance; and quality control. The theory is developed for general robust cost functions rather than restricting attention to traditional nonlinear least squares.},
	language = {en},
	booktitle = {Vision {Algorithms}: {Theory} and {Practice}},
	publisher = {Springer Berlin Heidelberg},
	author = {Triggs, Bill and McLauchlan, Philip F. and Hartley, Richard I. and Fitzgibbon, Andrew W.},
	editor = {Triggs, Bill and Zisserman, Andrew and Szeliski, Richard},
	year = {2000},
	keywords = {Bundle Adjustment, Gauge Freedom, Optimization, Scene Reconstruction, Sparse Matrices},
	pages = {298--372},
}
@misc{volpe_pose_2017,
	type = {Research article},
	title = {Pose and {Shape} {Reconstruction} of a {Noncooperative} {Spacecraft} {Using} {Camera} and {Range} {Measurements}},
	urldate = {2018-10-15},
	journal = {International Journal of Aerospace Engineering},
	author = {Volpe, Renato and Sabatini, Marco and Palmerini, Giovanni B.},
	year = {2017},
	doi = {10.1155/2017/4535316},
}
@article{westoby_structure--motion_2012,
	title = {‘{Structure}-from-{Motion}’ photogrammetry: {A} low-cost, effective tool for geoscience applications},
	volume = {179},
	issn = {0169-555X},
	shorttitle = {‘{Structure}-from-{Motion}’ photogrammetry},
	url = {http://www.sciencedirect.com/science/article/pii/S0169555X12004217},
	doi = {10.1016/j.geomorph.2012.08.021},
	journal = {Geomorphology},
	author = {Westoby, M. J. and Brasington, J. and Glasser, N. F. and Hambrey, M. J. and Reynolds, J. M.},
	month = dec,
	year = {2012},
}
@article{Zitova2003,
	issn = {0262-8856},
	journal = {Image and vision computing},
	pages = {977--1000},
	volume = {21},
	publisher = {Elsevier Science Pub Co},
	number = {11},
	year = {2003},
	title = {Image registration methods: a survey},
	address = {[New York, NY] :},
	author = {Zitova, B and Flusser, J},
}

@article{bhattacharyya1969,
  title={Bicubic spline interpolation as a method for treatment of potential field data},
  author={Bhattacharyya, BK},
  journal={Geophysics},
  volume={34},
  number={3},
  pages={402--423},
  year={1969},
  publisher={Society of Exploration Geophysicists}
}

@article{deboor1962,
  title={Bicubic spline interpolation},
  author={De Boor, Carl},
  journal={Journal of mathematics and physics},
  volume={41},
  number={1-4},
  pages={212--218},
  year={1962},
  publisher={Wiley Online Library}
}
@article{opticalflow,
 author = {Beauchemin, S. S. and Barron, J. L.},
 title = {The Computation of Optical Flow},
 journal = {ACM Comput. Surv.},
 issue_date = {Sept. 1995},
 volume = {27},
 number = {3},
 month = sep,
 year = {1995},
 issn = {0360-0300},
 pages = {433--466},
 numpages = {34},
 url = {http://doi.acm.org/10.1145/212094.212141},
 doi = {10.1145/212094.212141},
 acmid = {212141},
 publisher = {ACM},
 address = {New York, NY, USA},
}
@article{ASTER,
 title = {NASA LP DAAC, 2015, ASTER Level 1 Precision Terrain Corrected Registered At-Sensor Radiance. Version 3.},
 url = {https://lpdaac.usgs.gov/dataset_discovery/aster},
 publisher = {NASA EOSDIS Land Processes DAAC, USGS Earth Resources Observation and Science (EROS) Center},
 address = {Sioux Falls, South Dakota, USA},
}
@article{point9,
 title = {0.999... formal proof},
 url = {https://en.wikipedia.org/wiki/0.999...#Formal_proof},
 publisher = {Wikipedia Foundation}
}
@article{caleb,
  title={A Near Real Time Space Based Computer Vision System for Accurate Terrain Mapping},
  author={Adams, Caleb},
  journal={32nd Annual AIAA/USU Conference on Small Satellites},
  year={2018},
  publisher={AIAA}
}
@article{workflow,
 author = {Rossi, Adam J},
 title = {Abstracted Workflow Framework with a Structure from Motion Application. Thesis},
 year = {2014},
 url = {https://scholarworks.rit.edu/theses/7814},
 publisher = {Rochester Institute of Technology},
 address = {Rochester, NY, USA},
}
@book{hartley2003,
  title={Multiple view geometry in computer vision},
  author={Hartley, Richard and Zisserman, Andrew},
  year={2003},
  publisher={Cambridge university press}
}
