@article{pound,
	author = {Tardioli, Danilo and Parasuraman, Ramviyas and Ogren, Petter},
	year = {2018},
	month = {10},
	pages = {},
	title = {Pound: A multi-master ROS node for reducing delay and jitter in wireless multi-robot networks},
	volume = {111},
	journal = {Robotics and Autonomous Systems},
	doi = {10.1016/j.robot.2018.10.009}
}
@conference {288,
	title = {ROS: an open-source Robot Operating System},
	booktitle = {ICRA Workshop on Open Source Software},
	year = {2009},
	attachments = {http://www.willowgarage.com/sites/default/files/icraoss09-ROS.pdf},
	author = {Morgan Quigley and Ken Conley and Brian P. Gerkey and Josh Faust and Tully Foote and Jeremy Leibs and Rob Wheeler and Andrew Y. Ng}
}

@online{beh-tree,
  author={Michele Colledanchise},
  title={Inside the Virtual Robotics Challenge: Simulating Real-Time Robotic Disaster Response},
  year={2017},
  month={April},
  volume={19},
  attachments={https://github.com/uga-ssrl/hare/blob/master/doc/BTUserManual.pdf}
}

@online{rosbuzz,
  author={MISTLAB},
  title={ROSbuzz},
  year={2019},
  attachments={https://github.com/MISTLab/ROSBuzz}
}

@article{a-star,
  author = {},
  title = {Introduction to the A* Algorithm},
  journal = {Red Blob Games},
  year = {2014},
  attachments = {https://www.redblobgames.com/pathfinding/a-star/introduction.html}
}

@article{ROS-mm,
  author = {Alexander Tiderko},
  title = {multimaster fkie},
  journal = {ROS wiki},
  year = {2015},
  attachments = {https://wiki.ros.org/multimaster_fkie}
}

@online{ROS,
  author = {Jason M O'Kane},
  title = {A gentle introduction to ROS},
  year = {2018}
  journal = {},
  attachments = {https://cse.sc.edu/~jokane/agitr/agitr-letter.pdf}
}
