@article{pound,
	author = {Tardioli, Danilo and Parasuraman, Ramviyas and Ogren, Petter},
	year = {2018},
	month = {10},
	pages = {},
	title = {Pound: A multi-master ROS node for reducing delay and jitter in wireless multi-robot networks},
	volume = {111},
	journal = {Robotics and Autonomous Systems},
	doi = {10.1016/j.robot.2018.10.009}
}
@conference {ROS,
	title = {ROS: an open-source Robot Operating System},
	booktitle = {ICRA Workshop on Open Source Software},
	year = {2009},
	attachments = {http://www.willowgarage.com/sites/default/files/icraoss09-ROS.pdf},
	author = {Morgan Quigley and Ken Conley and Brian P. Gerkey and Josh Faust and Tully Foote and Jeremy Leibs and Rob Wheeler and Andrew Y. Ng}
}
@article{ROB-DIS,
  author={Aguero, C.E. and Koenig, N. and Chen, I. and Boyer, H. and Peters, S. and Hsu, J. and Gerkey, B. and Paepcke, S. and Rivero, J.L.  and Manzo, J. and Krotkov, E. and Pratt, G.},
  journal={Automation Science and Engineering, IEEE Transactions on},
  title={Inside the Virtual Robotics Challenge: Simulating Real-Time Robotic Disaster Response},
  year={2015},
  month={April},
  volume={12},
  number={2},
  pages={494-506},
  doi={10.1109/TASE.2014.2368997},
  ISSN={1545-5955}
}

@online{GBF,
  title={Introduction to the A* Algorithm},
  year={2014},
  month={May},
	url = {https://www.redblobgames.com/pathfinding/a-star/introduction.html#greedy-best-first}
}
https://www.redblobgames.com/pathfinding/a-star/introduction.html#greedy-best-first
